@online{InductorCoils2023,
  author  = {{IQS Directory}},
  title   = {Inductors and Inductor Coils},
  year    = {unknown},
  url     = {https://www.iqsdirectory.com/articles/electric-coil/inductors-and-inductor-coils.html},
  urldate = {2024-02-24} 
}

@book{squires1985,
    author = "Squires, G. L.",
    title = "Practical Physics",
    publisher = "Cambridge University Press",
    address = "Cambridge [Cambridgeshire]; New York",
    year = 1985,
    note = "See page 29"
}

@misc{snl_reaktans,
  title = {Reaktans - Store norske leksikon},
  author = {Knut Hofstad},
  year = {2024},
  url = {https://snl.no/reaktans},
  note = {[Online; accessed 24-2-2024]}
}